<?xml version="1.0" encoding="UTF-8"?>
<collection xmlns:xsi="http://www.w3.org/2001/XMLSchema-instance" xsi:schemaLocation="http://www.loc.gov/MARC21/slim http://www.loc.gov/standards/marcxml/schema/MARC21slim.xsd" xmlns="http://www.loc.gov/MARC21/slim">
<record>
  <leader>01136cam a2200265   4500</leader>
  <controlfield tag="001">2752253</controlfield>
  <controlfield tag="003">NNC</controlfield>
  <controlfield tag="005">20130425222959.0</controlfield>
  <controlfield tag="008">901030s1968    iq            000 0 arar </controlfield>
  <datafield tag="010" ind1=" " ind2=" ">
    <subfield code="a">   72960152 /NE</subfield>
  </datafield>
  <datafield tag="035" ind1=" " ind2=" ">
    <subfield code="a">(OCoLC)ocm22609169</subfield>
  </datafield>
  <datafield tag="035" ind1=" " ind2=" ">
    <subfield code="9">ARL7426CU</subfield>
  </datafield>
  <datafield tag="035" ind1=" " ind2=" ">
    <subfield code="a">(NNC)2752253</subfield>
  </datafield>
  <datafield tag="040" ind1=" " ind2=" ">
    <subfield code="a">DLC</subfield>
    <subfield code="c">WAU</subfield>
    <subfield code="d">WAU</subfield>
    <subfield code="d">ZCU</subfield>
  </datafield>
  <datafield tag="043" ind1=" " ind2=" ">
    <subfield code="a">a-iq---</subfield>
  </datafield>
  <datafield tag="050" ind1="0" ind2=" ">
    <subfield code="a">DS51.B3</subfield>
    <subfield code="b">I17</subfield>
  </datafield>
  <datafield tag="100" ind1="1" ind2=" ">
    <subfield code="a">Ibn Abī Ṭāhir Ṭayfūr, Aḥmad,</subfield>
    <subfield code="d">819 or 820-893.</subfield>
  </datafield>
  <datafield tag="245" ind1="1" ind2="0">
    <subfield code="a">Baghdād fī tārīkh al-khilāfah al-ʻAbbāsīyah,</subfield>
    <subfield code="b">aqdam mā kutiba fī tārīkh al-khalīfah al-Maʻmūn wa-ʻaṣrihi al-dhahabī.</subfield>
    <subfield code="c">Taʾlīf Abī al-Faḍl Aḥmad ibn Ṭāhir al-kātib al-maʻrūf bi-Ibn Ṭayfūr.</subfield>
  </datafield>
  <datafield tag="260" ind1=" " ind2=" ">
    <subfield code="a">Baghdād,</subfield>
    <subfield code="b">Maktabat Muthanná,</subfield>
    <subfield code="c">1968.</subfield>
  </datafield>
  <datafield tag="300" ind1=" " ind2=" ">
    <subfield code="a">7, 232 p.</subfield>
    <subfield code="c">24 cm.</subfield>
  </datafield>
  <datafield tag="500" ind1=" " ind2=" ">
    <subfield code="a">Cover title: Baghdad fi tarikh él khilefa él-Abbassia, by Abul Fadl Ahmad ibn Tahir el Kateb el maarof bibn Tayfour.</subfield>
  </datafield>
  <datafield tag="500" ind1=" " ind2=" ">
    <subfield code="a">"Hāhā huwa al-juzʾ al-sādis min Kitāb Baghdād, li-Aḥmad ibn Abī Ṭāhir Ṭayfūr."</subfield>
  </datafield>
  <datafield tag="651" ind1=" " ind2="0">
    <subfield code="a">Baghdad (Iraq)</subfield>
    <subfield code="x">History.</subfield>
  </datafield>
  <datafield tag="740" ind1="0" ind2="1">
    <subfield code="a">Kitāb baghdād.</subfield>
  </datafield>
  <datafield tag="955" ind1=" " ind2=" ">
    <subfield code="b">CU69593183</subfield>
    <subfield code="d">off,glx</subfield>
    <subfield code="e">DS51.B3 I17</subfield>
  </datafield>
</record>
</collection>